<?xml version="1.0" encoding="UTF-8"?><collection xmlns="http://www.loc.gov/MARC21/slim"><record><leader>00403nam--2200145-i-4500</leader><controlfield tag="001">000011609</controlfield><controlfield tag="002">20161230</controlfield><controlfield tag="005">20161230201029</controlfield><controlfield tag="008">060222s1000------------r-----000-0-eng-d</controlfield><datafield ind1=" " ind2=" " tag="080"><subfield code="a">530.12</subfield></datafield><datafield ind1=" " ind2=" " tag="100"><subfield code="a">Barbulescu, Nicolae</subfield></datafield><datafield ind1=" " ind2=" " tag="245"><subfield code="a">Bazele fizice ale relativitatii einsteiniene</subfield></datafield><datafield ind1=" " ind2=" " tag="260"><subfield code="a">Bucuresti, Ed.Stiintifica Si Enciclopedica, 1975. 223 P</subfield></datafield><datafield ind1=" " ind2=" " tag="490"><subfield code="a">Enciclopedia De Buzunar</subfield></datafield><datafield ind1=" " ind2=" " tag="852"><subfield code="a">43028</subfield></datafield></record></collection>